@inproceedings{azli2017a,
  author = {Azli Yahya, P.C.},
  date = {2017},
  title = {4th Industrial Revolution: The Future of Machining},
  pages = {3},
  publisher = {Institute of Electrical and Electronics Engineers},
  language = {en},
  booktitle = {4th International Conference on Information Technology, Computer, and Electrical Engineering (ICITACEE},
  address = {Semarang}
}
@article{budianto2018a,
  author = {Budianto, A.},
  date = {2018},
  title = {Automatic License Plate Recognition: A Review with Indonesian Case Study},
  volume = {5},
  pages = {258–270},
  language = {en},
  journal = {Scientific Journal of Informatics},
  number = {2}
}
@article{ichwana2018a,
  author = {Ichwana, D. and Aisuwarya, R. and Ardopa, S. and Purnama, I.},
  date = {2018},
  title = {Sistem Cerdas Reservasi dan Pemantauan Parkir pada Lokasi Kampus Berbasis Konsep Internet of Things},
  volume = {6},
  pages = {57–63},
  language = {en},
  journal = {Jurnal Teknologi dan Sistem Komputer},
  number = {ue 2}
}
@article{limantara2017a,
  author = {Limantara, A.D. and Purnomo, Y.C. and Mudjanarko, S.W.},
  date = {2017},
  title = {Pemodelan Sistem Pelacakan Lot Parkir Kosong Berbasis Sensor Ultrasonic dan Internet of Things (Iot) Pada Lahan Parkir Diluar Jalan},
  pages = {1},
  language = {pt},
  journal = {Seminar Nasional Sains dan Teknologi}
}
@misc{rahayu2019a,
  author = {Rahayu, N.},
  date = {2019},
  title = {Mei 7). Mengenal Revolusi Industri dari 1.0 hingga 4.0},
  note = {Retrieved from Warta Ekonomi:},
  url = {https://www.wartaekonomi.co.id/read226785/mengenal-revolusi-industri-dari-10-hingga-40.html},
  language = {io}
}
@book{singgeta2018a,
  author = {Singgeta, R.L. and Manembu, P.D. and Rembet, M.D.},
  date = {2018},
  title = {Sistem Pengamanan Pintu Rumah Dengan RFID Berbasis Wireless ESP8266},
  publisher = {Seminar Nasional Riset dan Teknologi Terapan},
  pages = {87–97},
  language = {en}
}
@article{suharman2019a,
  author = {Suharman and Murti, W.},
  date = {2019},
  title = {Kajian Industri 4.0 Untuk Penerapannya di Indonesia},
  volume = {03},
  pages = {1},
  language = {no},
  journal = {Jurnal Manajemen Industri dan Logistik},
  number = {1}
}
@article{wakhidah2012a,
  author = {Wakhidah, N.},
  date = {2012},
  title = {Deteksi Plat Nomor Kendaraan Bermotor Berdasarkan Area pada Image Segmentatio},
  volume = {9},
  pages = {55 – 63},
  language = {sv},
  journal = {JURNAL TRANSFORMATIKA},
  number = {2}
}
@book{wicaksono2018a,
  author = {Wicaksono, M.F.},
  date = {2018},
  title = {Mudah Belajar Raspberry Pi},
  publisher = {INFORMATIKA},
  language = {id},
  address = {Bandung}
}
